@techreport{minenergia14,
    title={Energ{\'i}as Renovables en Chile. El potencial E{\'o}lico, Solar e Hidroel{\'e}ctrico de Arica a Chilo{\'e}},
    author={Christian Santana O.},
    institution={MINENERGIA GIZ},
    year={2014},
    note= "Proyecto Estrategia de Expansi{\'o}n de las Energ{\'i}as Renovables en los Sistemas El{\'e}ctricos Interconectados"
}
@techreport{Aera15,
    title={Australian Energy Resource Assessment},
    author={Carson L.},
    institution={Commonwealth of Australia - Geoscience Australia},
    year={2014},
    note= "Chapter 9 Wind Energy"
}
@article{Carneiro15,
    author={Tatiane C. Carneiro, Sofia P. Melo, Paulo C. M. Carvalho, Arthur Pl{\'i}nio de S. Braga},
    title={Particle Swarm Optimization method for estimation of Weibull parameters: A case study for the Brazilian northeast region},
    publisher={Elsevier Ltd},
    year={2015}
}
@article{Heckenbergerova15,
    author={Jana Heckenbergerova, Petr Musilek, Pavel Kr√∂mer},
    title={Optimization of Wind Direction Distribution Parameters Using Particle Swarm Optimization},
    publisher={Springer International Publishing},
    year={2015}
}
@article{Winddirelse15,
    author={Letter to the Editor},
    title={Modeling the wind direction behaviors during the monsoon seasons in Peninsular Malaysia},
    publisher={Elsevier Ltd},
    year={2015}
}
@article{Kongnam15,
    author={C. Kongnam, S. Nuchprayoon},
    title={A particle swarm optimization for wind energy control problem},
    publisher={Elsevier Ltd},
    year={2015}
}
@article{Psoexplain14,
    author={A. Kaveh},
    title={Particle Swarm Optimization},
    publisher={Springer International Publishing},
    year={2014},
    pages={9-40},
    note= "Chapter of Advances in Metaheuristic Algorithms for Optimal Design of Structures"
}
@conference{Kennedy95,
    author={James Kennedy and Russell Eberhart},
    title={Particle Swarm Optimization},
    booktitle={Proceedings of IEEE international conference on neural networks},
    year={1995},
    pages={1942 - 1948}
}
