@misc{wikiWeibull,
    author={Calimo},
    title={Weibull probability density function},
    howpublished={URL \url{https://commons.wikimedia.org/wiki/File:Weibull_PDF.svg}},
    year={2010},
    note="[Revisado el 19/06/2016]"
}
