@misc{goodFitTest,
    author={Department of statistics, Yale University},
    title={Chi-Square Goodness of Fit Test},
    howpublished={URL \url{https://www.stat.yale.edu/Courses/1997-98/101/chigf.htm}},
    year={1998},
    note="[Revisado el 31/10/2016]"
}
@misc{chiSquareTable,
    author={Department of statistics, Elberly College of Science},
    title={Chi-Square Distribution Table},
    howpublished={URL \url{http://sites.stat.psu.edu/~mga/401/tables/Chi-square-table.pdf}},
    year={2006},
    note="[Revisado el 31/10/2016]"
}